<?xml version="1.0" encoding="UTF-8"?>
<record xmlns="http://www.loc.gov/MARC21/slim" xmlns:xsi="http://www.w3.org/2001/XMLSchema-instance" xsi:schemaLocation="http://www.loc.gov/MARC21/slim http://www.loc.gov/standards/marcxml/schema/MARC21slim.xsd">
<leader>00000cam a22      i 4500</leader>
<controlfield tag="001">001677486</controlfield>
<controlfield tag="003">NNU</controlfield>
<controlfield tag="005">20150608153807.0</controlfield>
<controlfield tag="008">890301s1966    iq            000 0 arar</controlfield>
<datafield tag="010" ind1=" " ind2=" ">
<subfield code="a">ne 66001772</subfield>
</datafield>
<datafield tag="035" ind1=" " ind2=" ">
<subfield code="a">(OCoLC)23514144</subfield>
</datafield>
<datafield tag="040" ind1=" " ind2=" ">
<subfield code="a">DLC</subfield>
<subfield code="b">eng</subfield>
<subfield code="e">rda</subfield>
<subfield code="c">EYM</subfield>
<subfield code="d">OCLCG</subfield>
<subfield code="d">OCLCA</subfield>
<subfield code="d">UUM</subfield>
<subfield code="d">OCLCQ</subfield>
<subfield code="d">OCLCF</subfield>
<subfield code="d">OCLCO</subfield>
</datafield>
<datafield tag="050" ind1=" " ind2="4">
<subfield code="a">PJ7755.B8</subfield>
<subfield code="b">B8329 1966</subfield>
</datafield>
<datafield tag="100" ind1="1" ind2=" ">
<subfield code="6">880-01</subfield>
<subfield code="a">Azharī, Khālid ibn ʻAbd Allāh,</subfield>
<subfield code="d">-1499.</subfield>
</datafield>
<datafield tag="245" ind1="1" ind2="0">
<subfield code="6">880-02</subfield>
<subfield code="a">Sharḥ al-Burdah :</subfield>
<subfield code="b">sharḥ al-shaykh al-imām Khālid al-Azharī ʻalá matn al-Burdah al-Būṣīrīyah fī madḥ Khayr al-Barīyah /</subfield>
<subfield code="c">qaddama lahu wa-ʻallaqá ʻalayhi Muḥammad ʻAlī Ḥasan ; rājaʻahu Ibrāhīm al-Wāʼilī.</subfield>
</datafield>
<datafield tag="264" ind1=" " ind2="1">
<subfield code="6">880-03</subfield>
<subfield code="a">Baghdād :</subfield>
<subfield code="b">Maktabat al-Andalus,</subfield>
<subfield code="c">1966.</subfield>
</datafield>
<datafield tag="300" ind1=" " ind2=" ">
<subfield code="a">160 pages ;</subfield>
<subfield code="c">25 cm</subfield>
</datafield>
<datafield tag="336" ind1=" " ind2=" ">
<subfield code="a">text</subfield>
<subfield code="b">txt</subfield>
<subfield code="2">rdacontent</subfield>
</datafield>
<datafield tag="337" ind1=" " ind2=" ">
<subfield code="a">unmediated</subfield>
<subfield code="b">n</subfield>
<subfield code="2">rdamedia</subfield>
</datafield>
<datafield tag="338" ind1=" " ind2=" ">
<subfield code="a">volume</subfield>
<subfield code="b">nc</subfield>
<subfield code="2">rdacarrier</subfield>
</datafield>
<datafield tag="530" ind1=" " ind2=" ">
<subfield code="a">Also issued online.</subfield>
</datafield>
<datafield tag="600" ind1="1" ind2="0">
<subfield code="6">880-04</subfield>
<subfield code="a">Būṣīrī, Sharaf al-Dīn Muḥammad ibn Saʻīd,</subfield>
<subfield code="d">1213?-1296?</subfield>
<subfield code="t">Burdah.</subfield>
</datafield>
<datafield tag="630" ind1="0" ind2="7">
<subfield code="a">Burdah (Būṣīrī, Sharaf al-Dīn Muḥammad ibn Saʻīd)</subfield>
<subfield code="2">fast</subfield>
<subfield code="0">(OCoLC)fst01362420</subfield>
</datafield>
<datafield tag="700" ind1="1" ind2=" ">
<subfield code="6">880-05</subfield>
<subfield code="a">Ḥasan, Muḥammad ʻAlī.</subfield>
</datafield>
<datafield tag="700" ind1="1" ind2=" ">
<subfield code="a">Wāʼilī, Ibrāhīm</subfield>
<subfield code="6">880-06</subfield>
<subfield code="e">editor.</subfield>
</datafield>
<datafield tag="776" ind1="0" ind2="8">
<subfield code="i">Online version:</subfield>
<subfield code="a">Azharī, Khālid ibn ʻAbd Allāh, -1499.</subfield>
<subfield code="t">Sharḥ al-Burdah.</subfield>
<subfield code="d">1966</subfield>
<subfield code="w">(OCoLC)583872006</subfield>
</datafield>
<datafield tag="880" ind1="1" ind2=" ">
<subfield code="6">100-01/</subfield>
<subfield code="a">أزهري، خالد بن عبد الله،</subfield>
<subfield code="d">-1499.</subfield>
</datafield>
<datafield tag="880" ind1="1" ind2="0">
<subfield code="6">245-02/</subfield>
<subfield code="a">شرح البردة :</subfield>
<subfield code="b">شرح الشيخ الإمام خالد الأزهري على متن البردة البوصيرية في مدح خير البرية /</subfield>
<subfield code="c">قدم له وعلق عليه محمد علي حسن ؛ راجعه إبراهيم الوائلي.</subfield>
</datafield>
<datafield tag="880" ind1=" " ind2="1">
<subfield code="6">264-03/</subfield>
<subfield code="a">بغداد :</subfield>
<subfield code="b">مكتبة الاندلس،</subfield>
<subfield code="c">1966.</subfield>
</datafield>
<datafield tag="880" ind1="1" ind2="4">
<subfield code="6">600-04/</subfield>
<subfield code="a">بوصيري، شرف الدين محمد بن سعيد،</subfield>
<subfield code="d">1213?-1296?</subfield>
<subfield code="t">بردة.</subfield>
</datafield>
<datafield tag="880" ind1="1" ind2=" ">
<subfield code="6">700-05/</subfield>
<subfield code="a">حسن، محمد علي.</subfield>
</datafield>
<datafield tag="880" ind1="1" ind2=" ">
<subfield code="6">700-06/</subfield>
<subfield code="a">وائلي، ابراهيم،</subfield>
<subfield code="e">editor.</subfield>
</datafield>
<datafield tag="OWN" ind1=" " ind2=" ">
<subfield code="a">GENERAL</subfield>
</datafield>
<datafield tag="AVA" ind1=" " ind2=" ">
<subfield code="a">NYU50</subfield>
<subfield code="b">BOBST</subfield>
<subfield code="c">Main Collection</subfield>
<subfield code="d">PJ7755.B8 B8329 1966</subfield>
<subfield code="e">unavailable</subfield>
<subfield code="t">Unavailable</subfield>
<subfield code="f">1</subfield>
<subfield code="g">1</subfield>
<subfield code="h">N</subfield>
<subfield code="i">0</subfield>
<subfield code="j">MAIN</subfield>
<subfield code="k">0</subfield>
</datafield>
</record>
